<marc:record xmlns:marc="http://www.loc.gov/MARC21/slim" xmlns:xsi="http://www.w3.org/2001/XMLSchema-instance" xsi:schemaLocation="http://www.loc.gov/MARC21/slim http://www.loc.gov/standards/marcxml/schema/MARC21slim.xsd">
  <marc:leader>     nam a2200253 a 45M</marc:leader>
  <marc:controlfield tag="001">002186291</marc:controlfield>
  <marc:controlfield tag="003">NNU</marc:controlfield>
  <marc:controlfield tag="005">20061010172446.0</marc:controlfield>
  <marc:controlfield tag="008">941014s1904    ua a          000 1 araod</marc:controlfield>
  <marc:datafield tag="035" ind1="9" ind2=" ">
    <marc:subfield code="a">NYUb11221864</marc:subfield>
  </marc:datafield>
  <marc:datafield tag="035" ind1=" " ind2=" ">
    <marc:subfield code="a">(CStRLIN)NYUG94-B47830</marc:subfield>
  </marc:datafield>
  <marc:datafield tag="040" ind1=" " ind2=" ">
    <marc:subfield code="a">CU</marc:subfield>
    <marc:subfield code="c">CU</marc:subfield>
    <marc:subfield code="d">NNU</marc:subfield>
  </marc:datafield>
  <marc:datafield tag="066" ind1=" " ind2=" ">
    <marc:subfield code="c">(3</marc:subfield>
  </marc:datafield>
  <marc:datafield tag="090" ind1=" " ind2=" ">
    <marc:subfield code="a">PJ7814.N8</marc:subfield>
    <marc:subfield code="b">U7 1904</marc:subfield>
  </marc:datafield>
  <marc:datafield tag="100" ind1="1" ind2=" ">
    <marc:subfield code="a">Anṭūn, Faraḥ,</marc:subfield>
    <marc:subfield code="d">1874-1922</marc:subfield>
    <marc:subfield code="6">01</marc:subfield>
  </marc:datafield>
  <marc:datafield tag="100" ind1="0" ind2=" ">
    <marc:subfield code="6">01</marc:subfield>
    <marc:subfield code="a">فرح انطون.</marc:subfield>
  </marc:datafield>
  <marc:datafield tag="245" ind1="1" ind2="0">
    <marc:subfield code="6">02</marc:subfield>
    <marc:subfield code="a">Ūrūshlīm al-jadīdah, aw, Fatḥ al-ʻArab Bayt al-Maqdis :</marc:subfield>
    <marc:subfield code="b">wa-al-rajul al-marīḍ wa-al-Isrāʼīlīyah al-jamīlah fīhā ... /</marc:subfield>
    <marc:subfield code="c">tāʼlīf Faraḥ Anṭūn.</marc:subfield>
  </marc:datafield>
  <marc:datafield tag="245" ind1="1" ind2="0">
    <marc:subfield code="6">02</marc:subfield>
    <marc:subfield code="a">اوروشليم الجديدة، او، فتح العرب بيت المقدس :</marc:subfield>
    <marc:subfield code="b">والرجل المريض والاسرائيلية الجميلة فيها ... /</marc:subfield>
    <marc:subfield code="c">تأليف فرح انطون.</marc:subfield>
  </marc:datafield>
  <marc:datafield tag="260" ind1=" " ind2=" ">
    <marc:subfield code="6">03</marc:subfield>
    <marc:subfield code="a">[Alexandria] :</marc:subfield>
    <marc:subfield code="b">al-Jāmiʻah,,</marc:subfield>
    <marc:subfield code="c">[1904]</marc:subfield>
  </marc:datafield>
  <marc:datafield tag="260" ind1=" " ind2=" ">
    <marc:subfield code="6">03</marc:subfield>
    <marc:subfield code="a">[Alexandria] :</marc:subfield>
    <marc:subfield code="b">الجامعة،</marc:subfield>
    <marc:subfield code="c">[١٩٠٤]</marc:subfield>
  </marc:datafield>
  <marc:datafield tag="300" ind1=" " ind2=" ">
    <marc:subfield code="a">iv, 180 p. :</marc:subfield>
    <marc:subfield code="b">ill. ;</marc:subfield>
    <marc:subfield code="c">23 cm.</marc:subfield>
  </marc:datafield>
  <marc:datafield tag="500" ind1=" " ind2=" ">
    <marc:subfield code="a">A novel.</marc:subfield>
  </marc:datafield>
  <marc:datafield tag="500" ind1=" " ind2=" ">
    <marc:subfield code="a">Imprint wanting; imprint from Carl Brockelmann. Geschichte der arabischen Literatur. Supplement v. 3, p. 192-193.</marc:subfield>
  </marc:datafield>
  <marc:datafield tag="740" ind1="0" ind2=" ">
    <marc:subfield code="a">Fatḥ al-ʻArab Bayt al-Maqdis.</marc:subfield>
  </marc:datafield>
  <marc:datafield tag="998" ind1=" " ind2=" ">
    <marc:subfield code="a">19941014</marc:subfield>
    <marc:subfield code="d">19941014</marc:subfield>
    <marc:subfield code="d">19950201</marc:subfield>
    <marc:subfield code="n">NNU</marc:subfield>
    <marc:subfield code="s">1</marc:subfield>
    <marc:subfield code="t">c</marc:subfield>
    <marc:subfield code="z">p</marc:subfield>
  </marc:datafield>
</marc:record>
